@article{ai2020correlation,
  title = {Correlation of Chest {CT} and {RT\}-\{PCR} Testing for Coronavirus Disease 2019 \{(COVID\}-19) in China: {A} Report of 1014 Cases},
  author = {Ai, Tao and Yang, Zhenlu and Hou, Hongyan and Zhan, Chenao and Chen, Chong and Lv, Wenzhi and Tao, Qian and Sun, Ziyong and Xia, Liming},
  year = {2020},
  journal = {Radiology},
  publisher = {Radiological Society of North America (RSNA)},
  volume = {296},
  number = {2},
  pages = {E32--E40},
  doi = {10.1148/radiol.2020200642},
  issn = {0033-8419, 1527-1315},
  source = {Crossref}
}
@inproceedings{chaurasia2017linknet,
  title = {{LinkNet:} {Exploiting} encoder representations for efficient semantic segmentation},
  author = {Chaurasia, Abhishek and Culurciello, Eugenio},
  year = {2017},
  booktitle = {2017 IEEE Visual Communications and Image Processing (VCIP)},
  publisher = {IEEE},
  pages = {1--4},
  doi = {10.1109/vcip.2017.8305148},
  organization = {IEEE},
  source = {Crossref}
}
@inproceedings{chen2017dual,
  title = {Dual Path Networks},
  author = {Yunpeng Chen and Jianan Li and Huaxin Xiao and Xiaojie Jin and Shuicheng Yan and Jiashi Feng},
  year = {2017},
  booktitle = {Advances in Neural Information Processing Systems 30: Annual Conference on Neural Information Processing Systems 2017, December 4-9, 2017, Long Beach, CA, {USA}},
  pages = {4467--4475},
  bibsource = {dblp computer science bibliography, https://dblp.org},
  biburl = {https://dblp.org/rec/conf/nips/ChenLXJYF17.bib},
  editor = {Isabelle Guyon and Ulrike von Luxburg and Samy Bengio and Hanna M. Wallach and Rob Fergus and S. V. N. Vishwanathan and Roman Garnett},
  timestamp = {Thu, 21 Jan 2021 00:00:00 +0100}
}
@article{chen2020residual,
  title = {Residual Attention U-Net for Automated Multi-Class Segmentation of \{COVID\}-19 Chest {CT} Images},
  author = {Chen, Xiaocong and Yao, Lina and Zhang, Yu},
  year = {2020},
  journal = {ArXiv preprint},
  volume = {abs/2004.05645}
}
@inproceedings{chollet2017xception,
  title = {Xception: Deep Learning with Depthwise Separable Convolutions},
  author = {Fran{\c{c}}ois Chollet},
  year = {2017},
  booktitle = {2017 {IEEE} Conference on Computer Vision and Pattern Recognition, {CVPR} 2017, Honolulu, HI, USA, July 21-26, 2017},
  publisher = {{IEEE} Computer Society},
  pages = {1800--1807},
  doi = {10.1109/CVPR.2017.195},
  bibsource = {dblp computer science bibliography, https://dblp.org},
  biburl = {https://dblp.org/rec/conf/cvpr/Chollet17.bib},
  timestamp = {Tue, 14 Nov 2017 00:00:00 +0100}
}
@inproceedings{deng2009imagenet,
  title = {ImageNet: {A} large-scale hierarchical image database},
  author = {Jia Deng and Wei Dong and Richard Socher and Li{-}Jia Li and Kai Li and Fei{-}Fei Li},
  year = {2009},
  booktitle = {2009 {IEEE} Computer Society Conference on Computer Vision and Pattern Recognition {(CVPR} 2009), 20-25 June 2009, Miami, Florida, {USA}},
  publisher = {{IEEE} Computer Society},
  pages = {248--255},
  doi = {10.1109/CVPR.2009.5206848},
  bibsource = {dblp computer science bibliography, https://dblp.org},
  biburl = {https://dblp.org/rec/conf/cvpr/DengDSLL009.bib},
  timestamp = {Fri, 27 Mar 2020 00:00:00 +0100}
}
@incollection{drozdzal2016importance,
  title = {The Importance of Skip Connections in Biomedical Image Segmentation},
  author = {Drozdzal, Michal and Vorontsov, Eugene and Chartrand, Gabriel and Kadoury, Samuel and Pal, Chris},
  year = {2016},
  booktitle = {Deep Learning and Data Labeling for Medical Applications},
  publisher = {Springer International Publishing},
  pages = {179--187},
  doi = {10.1007/978-3-319-46976-8\_19},
  isbn = {9783319469751, 9783319469768},
  issn = {0302-9743, 1611-3349},
  source = {Crossref}
}
@article{fan2020inf,
  title = {Inf-Net: {Automatic} \{COVID\}-19 Lung Infection Segmentation From {CT} Images},
  author = {Fan, Deng-Ping and Zhou, Tao and Ji, Ge-Peng and Zhou, Yi and Chen, Geng and Fu, Huazhu and Shen, Jianbing and Shao, Ling},
  year = {2020},
  journal = {IEEE Trans. Med. Imaging},
  publisher = {Institute of Electrical and Electronics Engineers (IEEE)},
  volume = {39},
  number = {8},
  pages = {2626--2637},
  doi = {10.1109/tmi.2020.2996645},
  issn = {0278-0062, 1558-254X},
  source = {Crossref}
}
@inproceedings{harrison2017progressive,
  title = {Progressive and multi-path holistically nested neural networks for pathological lung segmentation from {CT} images},
  author = {Harrison, Adam P and Xu, Ziyue and George, Kevin and Lu, Le and Summers, Ronald M and Mollura, Daniel J},
  year = {2017},
  booktitle = {International conference on medical image computing and computer-assisted intervention},
  pages = {621--629},
  organization = {Springer}
}
@inproceedings{he2016deep,
  title = {Deep Residual Learning for Image Recognition},
  author = {Kaiming He and Xiangyu Zhang and Shaoqing Ren and Jian Sun},
  year = {2016},
  booktitle = {2016 {IEEE} Conference on Computer Vision and Pattern Recognition, {CVPR} 2016, Las Vegas, NV, USA, June 27-30, 2016},
  publisher = {{IEEE} Computer Society},
  pages = {770--778},
  doi = {10.1109/CVPR.2016.90},
  bibsource = {dblp computer science bibliography, https://dblp.org},
  biburl = {https://dblp.org/rec/conf/cvpr/HeZRS16.bib},
  timestamp = {Wed, 17 Apr 2019 01:00:00 +0200}
}
@inproceedings{he2020benchmarking,
  title = {Automated Model Design and Benchmarking of Deep Learning Models for {COVID-19} Detection with Chest {CT} Scans},
  author = {Xin He and Shihao Wang and Xiaowen Chu and Shaohuai Shi and Jiangping Tang and Xin Liu and Chenggang Yan and Jiyong Zhang and Guiguang Ding},
  year = {2021},
  booktitle = {Thirty-Fifth {AAAI} Conference on Artificial Intelligence, {AAAI} 2021, Thirty-Third Conference on Innovative Applications of Artificial Intelligence, {IAAI} 2021, The Eleventh Symposium on Educational Advances in Artificial Intelligence, {EAAI} 2021, Virtual Event, February 2-9, 2021},
  publisher = {{AAAI} Press},
  pages = {4821--4829},
  bibsource = {dblp computer science bibliography, https://dblp.org},
  biburl = {https://dblp.org/rec/conf/aaai/HeWCST0YZD21.bib},
  timestamp = {Thu, 29 Sep 2022 01:00:00 +0200}
}
@article{hesamian2019deep,
  title = {Deep Learning Techniques for Medical Image Segmentation: {Achievements} and Challenges},
  author = {Hesamian, Mohammad Hesam and Jia, Wenjing and He, Xiangjian and Kennedy, Paul},
  year = {2019},
  journal = {J. Digit. Imaging},
  publisher = {Springer Science and Business Media LLC},
  volume = {32},
  number = {4},
  pages = {582--596},
  doi = {10.1007/s10278-019-00227-x},
  issn = {0897-1889, 1618-727X},
  source = {Crossref}
}
@article{hofmanninger2020automatic,
  title = {Automatic lung segmentation in routine imaging is a data diversity problem, not a methodology problem},
  author = {Hofmanninger, Johannes and Prayer, Florian and Pan, Jeanny and Rohrich, Sebastian and Prosch, Helmut and Langs, Georg},
  year = {2020},
  journal = {ArXiv preprint},
  volume = {abs/2001.11767}
}
@article{howard2017mobilenets,
  title = {Mobilenets: {Efficient} convolutional neural networks for mobile vision applications},
  author = {Howard, Andrew G and Zhu, Menglong and Chen, Bo and Kalenichenko, Dmitry and Wang, Weijun and Weyand, Tobias and Andreetto, Marco and Adam, Hartwig},
  year = {2017},
  journal = {ArXiv preprint},
  volume = {abs/1704.04861}
}
@article{hu2001automatic,
  title = {Automatic lung segmentation for accurate quantitation of volumetric X-ray {CT} images},
  author = {Hu, S. and Hoffman, E.A. and Reinhardt, J.M.},
  year = {2001},
  journal = {IEEE Trans. Med. Imaging},
  publisher = {Institute of Electrical and Electronics Engineers (IEEE)},
  volume = {20},
  number = {6},
  pages = {490--498},
  doi = {10.1109/42.929615},
  issn = {0278-0062},
  source = {Crossref}
}
@inproceedings{hu2019comparison,
  title = {A Comparison and Strategy of Semantic Segmentation on Remote Sensing Images},
  author = {Hu, Junxing and Li, Ling and Lin, Yijun and Wu, Fengge and Zhao, Junsuo},
  year = {2019},
  booktitle = {The International Conference on Natural Computation, Fuzzy Systems and Knowledge Discovery},
  pages = {21--29},
  organization = {Springer}
}
@inproceedings{huang2017densely,
  title = {Densely Connected Convolutional Networks},
  author = {Gao Huang and Zhuang Liu and Laurens van der Maaten and Kilian Q. Weinberger},
  year = {2017},
  booktitle = {2017 {IEEE} Conference on Computer Vision and Pattern Recognition, {CVPR} 2017, Honolulu, HI, USA, July 21-26, 2017},
  publisher = {{IEEE} Computer Society},
  pages = {2261--2269},
  doi = {10.1109/CVPR.2017.243},
  bibsource = {dblp computer science bibliography, https://dblp.org},
  biburl = {https://dblp.org/rec/conf/cvpr/HuangLMW17.bib},
  timestamp = {Mon, 10 Sep 2018 01:00:00 +0200}
}
@article{jin2020ai,
  title = {\{AI\}-assisted {CT} imaging analysis for \{COVID\}-19 screening: {Building} and deploying a medical {AI} system},
  author = {Wang, Bo and Jin, Shuo and Yan, Qingsen and Xu, Haibo and Luo, Chuan and Wei, Lai and Zhao, Wei and Hou, Xuexue and Ma, Wenshuo and Xu, Zhengqing and Zheng, Zhuozhao and Sun, Wenbo and Lan, Lan and Zhang, Wei and Mu, Xiangdong and Shi, Chenxi and Wang, Zhongxiao and Lee, Jihae and Jin, Zijian and Lin, Minggui and Jin, Hongbo and Zhang, Liang and Guo, Jun and Zhao, Benqi and Ren, Zhizhong and Wang, Shuhao and Xu, Wei and Wang, Xinghuan and Wang, Jianming and You, Zheng and Dong, Jiahong},
  year = {2021},
  journal = {Appl. Soft Comput.},
  publisher = {Elsevier BV},
  volume = {98},
  pages = {106897},
  doi = {10.1016/j.asoc.2020.106897},
  issn = {1568-4946},
  source = {Crossref}
}
@article{kalpathy2016comparison,
  title = {A Comparison of Lung Nodule Segmentation Algorithms: {Methods} and Results from a Multi-institutional Study},
  author = {Kalpathy-Cramer, Jayashree and Zhao, Binsheng and Goldgof, Dmitry and Gu, Yuhua and Wang, Xingwei and Yang, Hao and Tan, Yongqiang and Gillies, Robert and Napel, Sandy},
  year = {2016},
  journal = {J. Digit. Imaging},
  publisher = {Springer Science and Business Media LLC},
  volume = {29},
  number = {4},
  pages = {476--487},
  doi = {10.1007/s10278-016-9859-z},
  issn = {0897-1889, 1618-727X},
  source = {Crossref}
}
@article{keshani2013lung,
  title = {Lung nodule segmentation and recognition using {SVM} classifier and active contour modeling: {A} complete intelligent system},
  author = {Keshani, Mohsen and Azimifar, Zohreh and Tajeripour, Farshad and Boostani, Reza},
  year = {2013},
  journal = {Comput. Biol. Med.},
  publisher = {Elsevier BV},
  volume = {43},
  number = {4},
  pages = {287--300},
  doi = {10.1016/j.compbiomed.2012.12.004},
  issn = {0010-4825},
  source = {Crossref}
}
@inproceedings{king2018comparison,
  title = {A Comparison of Deep Learning Methods for Semantic Segmentation of Coral Reef Survey Images},
  author = {King, Andrew and Bhandarkar, Suchendra M. and Hopkinson, Brian M.},
  year = {2018},
  booktitle = {2018 IEEE/CVF Conference on Computer Vision and Pattern Recognition Workshops (CVPRW)},
  publisher = {IEEE},
  pages = {1394--1402},
  doi = {10.1109/cvprw.2018.00188},
  source = {Crossref}
}
@inproceedings{kingma2014adam,
  title = {Adam: {A} Method for Stochastic Optimization},
  author = {Diederik P. Kingma and Jimmy Ba},
  year = {2015},
  booktitle = {3rd International Conference on Learning Representations, {ICLR} 2015, San Diego, CA, USA, May 7-9, 2015, Conference Track Proceedings},
  bibsource = {dblp computer science bibliography, https://dblp.org},
  biburl = {https://dblp.org/rec/journals/corr/KingmaB14.bib},
  editor = {Yoshua Bengio and Yann LeCun},
  timestamp = {Thu, 25 Jul 2019 01:00:00 +0200}
}
@inproceedings{lecun2015deep,
  title = {Deep learning},
  author = {Ruslan Salakhutdinov},
  year = {2014},
  booktitle = {The 20th {ACM} {SIGKDD} International Conference on Knowledge Discovery and Data Mining, {KDD} '14, New York, NY, {USA} - August 24 - 27, 2014},
  publisher = {{ACM}},
  pages = {1973},
  doi = {10.1145/2623330.2630809},
  bibsource = {dblp computer science bibliography, https://dblp.org},
  biburl = {https://dblp.org/rec/conf/kdd/Salakhutdinov14.bib},
  editor = {Sofus A. Macskassy and Claudia Perlich and Jure Leskovec and Wei Wang and Rayid Ghani},
  timestamp = {Tue, 06 Nov 2018 00:00:00 +0100}
}
@inproceedings{lin2017feature,
  title = {Feature Pyramid Networks for Object Detection},
  author = {Tsung{-}Yi Lin and Piotr Doll{\'{a}}r and Ross B. Girshick and Kaiming He and Bharath Hariharan and Serge J. Belongie},
  year = {2017},
  booktitle = {2017 {IEEE} Conference on Computer Vision and Pattern Recognition, {CVPR} 2017, Honolulu, HI, USA, July 21-26, 2017},
  publisher = {{IEEE} Computer Society},
  pages = {936--944},
  doi = {10.1109/CVPR.2017.106},
  bibsource = {dblp computer science bibliography, https://dblp.org},
  biburl = {https://dblp.org/rec/conf/cvpr/LinDGHHB17.bib},
  timestamp = {Tue, 14 Nov 2017 00:00:00 +0100}
}
@inproceedings{liu2018comparison,
  title = {A Comparison of Deep Learning Architectures for Semantic Mapping of Very High Resolution Images},
  author = {Liu, Qinghui and Salberg, Arnt-Borre and Jenssen, Robert},
  year = {2018},
  booktitle = {IGARSS 2018 - 2018 IEEE International Geoscience and Remote Sensing Symposium},
  publisher = {IEEE},
  pages = {6943--6946},
  doi = {10.1109/igarss.2018.8518533},
  organization = {IEEE},
  source = {Crossref}
}
@article{ma2020towards,
  title = {Toward data-efficient learning: {A} benchmark for {COVID-19} {CT} lung and infection segmentation},
  author = {Ma, Jun and Wang, Yixin and An, Xingle and Ge, Cheng and Yu, Ziqi and Chen, Jianan and Zhu, Qiongjie and Dong, Guoqiang and He, Jian and He, Zhiqiang and Cao, Tianjia and Zhu, Yuntao and Nie, Ziwei and Yang, Xiaoping},
  year = {2021},
  journal = {Med. Phys.},
  publisher = {Wiley},
  volume = {48},
  number = {3},
  pages = {1197--1210},
  doi = {10.1002/mp.14676},
  issn = {0094-2405, 2473-4209},
  source = {Crossref}
}
@article{manikandan2016lung,
  title = {Lung Cancer Detection Using Fuzzy Auto-Seed Cluster Means Morphological Segmentation and {SVM} Classifier},
  author = {Manikandan, T. and Bharathi, N.},
  year = {2016},
  journal = {J. Med. Syst.},
  publisher = {Springer Science and Business Media LLC},
  volume = {40},
  number = {7},
  pages = {181},
  doi = {10.1007/s10916-016-0539-9},
  issn = {0148-5598, 1573-689X},
  source = {Crossref}
}
@article{minaee2020image,
  title = {Image Segmentation Using Deep Learning: {A} Survey},
  author = {Minaee, Shervin and Boykov, Yuri Y. and Porikli, Fatih and Plaza, Antonio J and Kehtarnavaz, Nasser and Terzopoulos, Demetri},
  year = {2021},
  journal = {IEEE Trans. Pattern Anal. Mach. Intell.},
  publisher = {Institute of Electrical and Electronics Engineers (IEEE)},
  pages = {1--1},
  doi = {10.1109/tpami.2021.3059968},
  issn = {0162-8828, 2160-9292, 1939-3539},
  source = {Crossref}
}
@article{ng2020imaging,
  title = {Imaging Profile of the \{COVID\}-19 Infection: {Radiologic} Findings and Literature Review},
  author = {Ng, Ming-Yen and Lee, Elaine Y. P. and Yang, Jin and Yang, Fangfang and Li, Xia and Wang, Hongxia and Lui, Macy Mei-sze and Lo, Christine Shing-Yen and Leung, Barry and Khong, Pek-Lan and Hui, Christopher Kim-Ming and Yuen, Kwok-yung and Kuo, Michael D.},
  year = {2020},
  journal = {Radiology: Cardiothoracic Imaging},
  publisher = {Radiological Society of North America (RSNA)},
  volume = {2},
  number = {1},
  pages = {e200034},
  doi = {10.1148/ryct.2020200034},
  issn = {2638-6135},
  source = {Crossref}
}
@inproceedings{orsic2019defense,
  title = {In Defense of Pre-Trained ImageNet Architectures for Real-Time Semantic Segmentation of Road-Driving Images},
  author = {Marin Orsic and Ivan Kreso and Petra Bevandic and Sinisa Segvic},
  year = {2019},
  booktitle = {{IEEE} Conference on Computer Vision and Pattern Recognition, {CVPR} 2019, Long Beach, CA, USA, June 16-20, 2019},
  publisher = {Computer Vision Foundation / {IEEE}},
  pages = {12607--12616},
  doi = {10.1109/CVPR.2019.01289},
  bibsource = {dblp computer science bibliography, https://dblp.org},
  biburl = {https://dblp.org/rec/conf/cvpr/OrsicKBS19.bib},
  timestamp = {Mon, 15 Jun 2020 01:00:00 +0200}
}
@inproceedings{paszke2019pytorch,
  title = {PyTorch: An Imperative Style, High-Performance Deep Learning Library},
  author = {Adam Paszke and Sam Gross and Francisco Massa and Adam Lerer and James Bradbury and Gregory Chanan and Trevor Killeen and Zeming Lin and Natalia Gimelshein and Luca Antiga and Alban Desmaison and Andreas K{\"{o}}pf and Edward Yang and Zachary DeVito and Martin Raison and Alykhan Tejani and Sasank Chilamkurthy and Benoit Steiner and Lu Fang and Junjie Bai and Soumith Chintala},
  year = {2019},
  booktitle = {Advances in Neural Information Processing Systems 32: Annual Conference on Neural Information Processing Systems 2019, NeurIPS 2019, December 8-14, 2019, Vancouver, BC, Canada},
  pages = {8024--8035},
  bibsource = {dblp computer science bibliography, https://dblp.org},
  biburl = {https://dblp.org/rec/conf/nips/PaszkeGMLBCKLGA19.bib},
  editor = {Hanna M. Wallach and Hugo Larochelle and Alina Beygelzimer and Florence d'Alch{\'{e}}{-}Buc and Emily B. Fox and Roman Garnett},
  timestamp = {Thu, 21 Jan 2021 00:00:00 +0100}
}
@inproceedings{ronneberger2015u,
  title = {U-net: {Convolutional} networks for biomedical image segmentation},
  author = {Ronneberger, Olaf and Fischer, Philipp and Brox, Thomas},
  year = {2015},
  booktitle = {International Conference on Medical image computing and computer-assisted intervention},
  pages = {234--241},
  organization = {Springer}
}
@article{schneider1996calibration,
  title = {The calibration of {CT} Hounsfield units for radiotherapy treatment planning},
  author = {Schneider, Uwe and Pedroni, Eros and Lomax, Antony},
  year = {1996},
  journal = {Phys. Med. Biol.},
  publisher = {IOP Publishing},
  volume = {41},
  number = {1},
  pages = {111--124},
  doi = {10.1088/0031-9155/41/1/009},
  issn = {0031-9155, 1361-6560},
  source = {Crossref}
}
@article{shan2020lung,
  title = {Abnormal lung quantification in chest {CT} images of {COVID-19} patients with deep learning and its application to severity prediction},
  author = {Shan, Fei and Gao, Yaozong and Wang, Jun and Shi, Weiya and Shi, Nannan and Han, Miaofei and Xue, Zhong and Shen, Dinggang and Shi, Yuxin},
  year = {2021},
  journal = {Med. Phys.},
  publisher = {Wiley},
  volume = {48},
  number = {4},
  pages = {1633--1645},
  doi = {10.1002/mp.14609},
  issn = {0094-2405, 2473-4209},
  source = {Crossref}
}
@article{shi2020review,
  title = {Review of Artificial Intelligence Techniques in Imaging Data Acquisition, Segmentation, and Diagnosis for \{COVID\}-19},
  author = {Shi, Feng and Wang, Jun and Shi, Jun and Wu, Ziyan and Wang, Qian and Tang, Zhenyu and He, Kelei and Shi, Yinghuan and Shen, Dinggang},
  year = {2021},
  journal = {IEEE Rev. Biomed. Eng.},
  publisher = {Institute of Electrical and Electronics Engineers (IEEE)},
  volume = {14},
  pages = {4--15},
  doi = {10.1109/rbme.2020.2987975},
  issn = {1937-3333, 1941-1189},
  source = {Crossref}
}
@inproceedings{simonyan2014very,
  title = {Very Deep Convolutional Networks for Large-Scale Image Recognition},
  author = {Karen Simonyan and Andrew Zisserman},
  year = {2015},
  booktitle = {3rd International Conference on Learning Representations, {ICLR} 2015, San Diego, CA, USA, May 7-9, 2015, Conference Track Proceedings},
  bibsource = {dblp computer science bibliography, https://dblp.org},
  biburl = {https://dblp.org/rec/journals/corr/SimonyanZ14a.bib},
  editor = {Yoshua Bengio and Yann LeCun},
  timestamp = {Fri, 29 Mar 2019 00:00:00 +0100}
}
@article{skourt2018lung,
  title = {Lung {CT} Image Segmentation Using Deep Neural Networks},
  author = {Ait Skourt, Brahim and El Hassani, Abdelhamid and Majda, Aicha},
  year = {2018},
  journal = {Procedia Comput. Sci.},
  publisher = {Elsevier BV},
  volume = {127},
  pages = {109--113},
  doi = {10.1016/j.procs.2018.01.104},
  issn = {1877-0509},
  source = {Crossref}
}
@inproceedings{szegedy2015going,
  title = {Going deeper with convolutions},
  author = {Christian Szegedy and Wei Liu and Yangqing Jia and Pierre Sermanet and Scott E. Reed and Dragomir Anguelov and Dumitru Erhan and Vincent Vanhoucke and Andrew Rabinovich},
  year = {2015},
  booktitle = {{IEEE} Conference on Computer Vision and Pattern Recognition, {CVPR} 2015, Boston, MA, USA, June 7-12, 2015},
  publisher = {{IEEE} Computer Society},
  pages = {1--9},
  doi = {10.1109/CVPR.2015.7298594},
  bibsource = {dblp computer science bibliography, https://dblp.org},
  biburl = {https://dblp.org/rec/conf/cvpr/SzegedyLJSRAEVR15.bib},
  timestamp = {Wed, 14 Nov 2018 00:00:00 +0100}
}
@inproceedings{szegedy2017inception,
  title = {Rethinking the Inception Architecture for Computer Vision},
  author = {Christian Szegedy and Vincent Vanhoucke and Sergey Ioffe and Jonathon Shlens and Zbigniew Wojna},
  year = {2016},
  booktitle = {2016 {IEEE} Conference on Computer Vision and Pattern Recognition, {CVPR} 2016, Las Vegas, NV, USA, June 27-30, 2016},
  publisher = {{IEEE} Computer Society},
  pages = {2818--2826},
  doi = {10.1109/CVPR.2016.308},
  bibsource = {dblp computer science bibliography, https://dblp.org},
  biburl = {https://dblp.org/rec/conf/cvpr/SzegedyVISW16.bib},
  timestamp = {Sun, 25 Oct 2020 01:00:00 +0200}
}
@inproceedings{tan2019efficientnet,
  title = {EfficientNet: Rethinking Model Scaling for Convolutional Neural Networks},
  author = {Mingxing Tan and Quoc V. Le},
  year = {2019},
  booktitle = {Proceedings of the 36th International Conference on Machine Learning, {ICML} 2019, 9-15 June 2019, Long Beach, California, {USA}},
  publisher = {{PMLR}},
  series = {Proceedings of Machine Learning Research},
  volume = {97},
  pages = {6105--6114},
  bibsource = {dblp computer science bibliography, https://dblp.org},
  biburl = {https://dblp.org/rec/conf/icml/TanL19.bib},
  editor = {Kamalika Chaudhuri and Ruslan Salakhutdinov},
  timestamp = {Tue, 11 Jun 2019 01:00:00 +0200}
}
@article{wang2020clinical,
  title = {Clinical Characteristics of 138 Hospitalized Patients With 2019 Novel {Coronavirus{\textendash}Infected} Pneumonia in Wuhan, China},
  author = {Wang, Dawei and Hu, Bo and Hu, Chang and Zhu, Fangfang and Liu, Xing and Zhang, Jing and Wang, Binbin and Xiang, Hui and Cheng, Zhenshun and Xiong, Yong and Zhao, Yan and Li, Yirong and Wang, Xinghuan and Peng, Zhiyong},
  year = {2020},
  journal = {JAMA},
  publisher = {American Medical Association (AMA)},
  volume = {323},
  number = {11},
  pages = {1061},
  doi = {10.1001/jama.2020.1585},
  issn = {0098-7484},
  source = {Crossref}
}
@article{wang2020does,
  title = {Does non-\{COVID\}-19 lung lesion help? investigating transferability in \{COVID\}-19 {CT} image segmentation},
  author = {Wang, Yixin and Zhang, Yao and Liu, Yang and Tian, Jiang and Zhong, Cheng and Shi, Zhongchao and Zhang, Yang and He, Zhiqiang},
  year = {2021},
  journal = {Comput. Meth. Prog. Bio.},
  publisher = {Elsevier BV},
  volume = {202},
  pages = {106004},
  doi = {10.1016/j.cmpb.2021.106004},
  issn = {0169-2607},
  source = {Crossref}
}
@article{wang2020noise,
  title = {A Noise-Robust Framework for Automatic Segmentation of \{COVID\}-19 Pneumonia Lesions From {CT} Images},
  author = {Wang, Guotai and Liu, Xinglong and Li, Chaoping and Xu, Zhiyong and Ruan, Jiugen and Zhu, Haifeng and Meng, Tao and Li, Kang and Huang, Ning and Zhang, Shaoting},
  year = {2020},
  journal = {IEEE Trans. Med. Imaging},
  publisher = {Institute of Electrical and Electronics Engineers (IEEE)},
  volume = {39},
  number = {8},
  pages = {2653--2663},
  doi = {10.1109/tmi.2020.3000314},
  issn = {0278-0062, 1558-254X},
  source = {Crossref}
}
@article{world2020coronavirus,
  title = {Coronavirus disease 2019 \{(COVID\}-19): {Situation} report, 72},
  author = {Organization, World Health and others},
  year = {2020},
  publisher = {World Health Organization}
}
@inproceedings{xie2017aggregated,
  title = {Aggregated Residual Transformations for Deep Neural Networks},
  author = {Saining Xie and Ross B. Girshick and Piotr Doll{\'{a}}r and Zhuowen Tu and Kaiming He},
  year = {2017},
  booktitle = {2017 {IEEE} Conference on Computer Vision and Pattern Recognition, {CVPR} 2017, Honolulu, HI, USA, July 21-26, 2017},
  publisher = {{IEEE} Computer Society},
  pages = {5987--5995},
  doi = {10.1109/CVPR.2017.634},
  bibsource = {dblp computer science bibliography, https://dblp.org},
  biburl = {https://dblp.org/rec/conf/cvpr/XieGDTH17.bib},
  timestamp = {Tue, 14 Nov 2017 00:00:00 +0100}
}
@article{yakubovskiy2019segmentation,
  title = {Segmentation models},
  author = {Yakubovskiy, P},
  year = {2019},
  journal = {GitHub repository}
}
@article{yan2020covid,
  title = {\{COVID\}-19 Chest {CT} Image Segmentation Network by Multi-Scale Fusion and Enhancement Operations},
  author = {Yan, Qingsen and Wang, Bo and Gong, Dong and Luo, Chuan and Zhao, Wei and Shen, Jianhu and Ai, Jingyang and Shi, Qinfeng and Zhang, Yanning and Jin, Shuo and Zhang, Liang and You, Zheng},
  year = {2021},
  journal = {\#IEEE\_J\_BD\#},
  publisher = {Institute of Electrical and Electronics Engineers (IEEE)},
  volume = {7},
  number = {1},
  pages = {13--24},
  doi = {10.1109/tbdata.2021.3056564},
  issn = {2332-7790, 2372-2096},
  source = {Crossref}
}
@inproceedings{zhao2017pyramid,
  title = {Pyramid Scene Parsing Network},
  author = {Hengshuang Zhao and Jianping Shi and Xiaojuan Qi and Xiaogang Wang and Jiaya Jia},
  year = {2017},
  booktitle = {2017 {IEEE} Conference on Computer Vision and Pattern Recognition, {CVPR} 2017, Honolulu, HI, USA, July 21-26, 2017},
  publisher = {{IEEE} Computer Society},
  pages = {6230--6239},
  doi = {10.1109/CVPR.2017.660},
  bibsource = {dblp computer science bibliography, https://dblp.org},
  biburl = {https://dblp.org/rec/conf/cvpr/ZhaoSQWJ17.bib},
  timestamp = {Tue, 14 Nov 2017 00:00:00 +0100}
}
